{
  "leader": "02580cam a22005531i 4500",
  "fields": [
    {
      "001": "ocm01985515\\"
    },
    {
      "003": "OCoLC"
    },
    {
      "005": "20220712114308.0"
    },
    {
      "008": "760211m19479999njuacf\\\\\\b\\\\\\\\000\\0beng\\\\"
    },
    {
      "010": {
        "ind1": "\\",
        "ind2": "\\",
        "subfields": [
          {
            "a": "   47003554 "
          }
        ]
      }
    },
    {
      "040": {
        "ind1": "\\",
        "ind2": "\\",
        "subfields": [
          {
            "a": "DLC"
          },
          {
            "b": "eng"
          },
          {
            "e": "rda"
          },
          {
            "c": "DLC"
          },
          {
            "d": "DLC"
          },
          {
            "d": "SER"
          },
          {
            "d": "KSU"
          },
          {
            "d": "UKM"
          },
          {
            "d": "MUQ"
          },
          {
            "d": "CUD"
          },
          {
            "d": "YDXCP"
          },
          {
            "d": "STF"
          },
          {
            "d": "CS1"
          },
          {
            "d": "GEBAY"
          },
          {
            "d": "GK8"
          },
          {
            "d": "UKMGB"
          },
          {
            "d": "MUO"
          },
          {
            "d": "UOI"
          },
          {
            "d": "U5D"
          },
          {
            "d": "OCLCF"
          },
          {
            "d": "UCW"
          },
          {
            "d": "NLC"
          },
          {
            "d": "LUE"
          },
          {
            "d": "TYC"
          },
          {
            "d": "CNO"
          },
          {
            "d": "CIN"
          },
          {
            "d": "CPO"
          },
          {
            "d": "AZU"
          },
          {
            "d": "QE2"
          },
          {
            "d": "X{dollar}@"
          },
          {
            "d": "BDP"
          },
          {
            "d": "VYM"
          },
          {
            "d": "OCLCQ"
          },
          {
            "d": "OCLCO"
          },
          {
            "d": "OCL"
          },
          {
            "d": "NNM"
          },
          {
            "d": "OCLCA"
          },
          {
            "d": "OCLCQ"
          },
          {
            "d": "OCLCO"
          },
          {
            "d": "IL4J6"
          },
          {
            "d": "UNOMP"
          },
          {
            "d": "OCLCO"
          },
          {
            "d": "PHA"
          },
          {
            "d": "OCLCO"
          }
        ]
      }
    },
    {
      "015": {
        "ind1": "\\",
        "ind2": "\\",
        "subfields": [
          {
            "a": "GB6103830"
          },
          {
            "2": "bnb"
          }
        ]
      }
    },
    {
      "015": {
        "ind1": "\\",
        "ind2": "\\",
        "subfields": [
          {
            "a": "GB61-3830"
          }
        ]
      }
    },
    {
      "016": {
        "ind1": "\\",
        "ind2": "\\",
        "subfields": [
          {
            "a": "(AMICUS)000003128203"
          }
        ]
      }
    },
    {
      "016": {
        "ind1": "7",
        "ind2": "\\",
        "subfields": [
          {
            "a": "002177533"
          },
          {
            "2": "Uk"
          }
        ]
      }
    },
    {
      "016": {
        "ind1": "7",
        "ind2": "\\",
        "subfields": [
          {
            "a": "006800069"
          },
          {
            "2": "Uk"
          }
        ]
      }
    },
    {
      "019": {
        "ind1": "\\",
        "ind2": "\\",
        "subfields": [
          {
            "a": "319033"
          },
          {
            "a": "605938235"
          },
          {
            "a": "952124012"
          },
          {
            "a": "1101284708"
          },
          {
            "a": "1124635329"
          }
        ]
      }
    },
    {
      "020": {
        "ind1": "\\",
        "ind2": "\\",
        "subfields": [
          {
            "a": "0691045771"
          },
          {
            "q": "(v. 1)"
          }
        ]
      }
    },
    {
      "020": {
        "ind1": "\\",
        "ind2": "\\",
        "subfields": [
          {
            "a": "9780691045771"
          }
        ]
      }
    },
    {
      "035": {
        "ind1": "\\",
        "ind2": "\\",
        "subfields": [
          {
            "a": "(OCoLC)1985515"
          },
          {
            "z": "(OCoLC)319033"
          },
          {
            "z": "(OCoLC)605938235"
          },
          {
            "z": "(OCoLC)952124012"
          },
          {
            "z": "(OCoLC)1101284708"
          },
          {
            "z": "(OCoLC)1124635329"
          }
        ]
      }
    },
    {
      "043": {
        "ind1": "\\",
        "ind2": "\\",
        "subfields": [
          {
            "a": "n-us---"
          }
        ]
      }
    },
    {
      "050": {
        "ind1": "0",
        "ind2": "0",
        "subfields": [
          {
            "a": "E767"
          },
          {
            "b": ".L65"
          }
        ]
      }
    },
    {
      "055": {
        "ind1": "\\",
        "ind2": "4",
        "subfields": [
          {
            "a": "E767 L55"
          }
        ]
      }
    },
    {
      "082": {
        "ind1": "0",
        "ind2": "0",
        "subfields": [
          {
            "a": "973.913092"
          },
          {
            "b": "LIN"
          }
        ]
      }
    },
    {
      "100": {
        "ind1": "1",
        "ind2": "\\",
        "subfields": [
          {
            "a": "Link, Arthur S."
          },
          {
            "q": "(Arthur Stanley),"
          },
          {
            "d": "1920-1998,"
          },
          {
            "e": "author."
          }
        ]
      }
    },
    {
      "245": {
        "ind1": "1",
        "ind2": "0",
        "subfields": [
          {
            "a": "Wilson."
          }
        ]
      }
    },
    {
      "264": {
        "ind1": "\\",
        "ind2": "1",
        "subfields": [
          {
            "a": "Princeton, NJ :"
          },
          {
            "b": "Princeton University Press,"
          },
          {
            "c": "1947-"
          }
        ]
      }
    },
    {
      "300": {
        "ind1": "\\",
        "ind2": "\\",
        "subfields": [
          {
            "a": "volumes :"
          },
          {
            "b": "illustrations, plates, portraits ;"
          },
          {
            "c": "24 cm"
          }
        ]
      }
    },
    {
      "336": {
        "ind1": "\\",
        "ind2": "\\",
        "subfields": [
          {
            "a": "text"
          },
          {
            "b": "txt"
          },
          {
            "2": "rdacontent"
          }
        ]
      }
    },
    {
      "336": {
        "ind1": "\\",
        "ind2": "\\",
        "subfields": [
          {
            "a": "still image"
          },
          {
            "b": "sti"
          },
          {
            "2": "rdacontent"
          }
        ]
      }
    },
    {
      "337": {
        "ind1": "\\",
        "ind2": "\\",
        "subfields": [
          {
            "a": "unmediated"
          },
          {
            "b": "n"
          },
          {
            "2": "rdamedia"
          }
        ]
      }
    },
    {
      "338": {
        "ind1": "\\",
        "ind2": "\\",
        "subfields": [
          {
            "a": "volume"
          },
          {
            "b": "nc"
          },
          {
            "2": "rdacarrier"
          }
        ]
      }
    },
    {
      "504": {
        "ind1": "\\",
        "ind2": "\\",
        "subfields": [
          {
            "a": "Includes bibliographical references."
          }
        ]
      }
    },
    {
      "505": {
        "ind1": "0",
        "ind2": "\\",
        "subfields": [
          {
            "a": "[1.] The road to the White House.--[2.] The new freedom.--[3.] The struggle for neutrality, 1914-1915.--[4.] Confusions and crises, 1915-1916.--[5.] Campaigns for progressivism and peace, 1916-1917."
          }
        ]
      }
    },
    {
      "586": {
        "ind1": "\\",
        "ind2": "\\",
        "subfields": [
          {
            "a": "Bancroft Prize (volume 2), 1957."
          }
        ]
      }
    },
    {
      "600": {
        "ind1": "1",
        "ind2": "0",
        "subfields": [
          {
            "a": "Wilson, Woodrow,"
          },
          {
            "d": "1856-1924."
          }
        ]
      }
    },
    {
      "600": {
        "ind1": "1",
        "ind2": "7",
        "subfields": [
          {
            "a": "Wilson, Woodrow,"
          },
          {
            "d": "1856-1924."
          },
          {
            "2": "fast"
          },
          {
            "0": "(OCoLC)fst00034612"
          }
        ]
      }
    },
    {
      "650": {
        "ind1": "\\",
        "ind2": "7",
        "subfields": [
          {
            "a": "Presidents."
          },
          {
            "2": "fast"
          },
          {
            "0": "(OCoLC)fst01075723"
          }
        ]
      }
    },
    {
      "651": {
        "ind1": "\\",
        "ind2": "7",
        "subfields": [
          {
            "a": "United States."
          },
          {
            "2": "fast"
          },
          {
            "0": "(OCoLC)fst01204155"
          }
        ]
      }
    },
    {
      "655": {
        "ind1": "\\",
        "ind2": "2",
        "subfields": [
          {
            "a": "Biography"
          }
        ]
      }
    },
    {
      "655": {
        "ind1": "\\",
        "ind2": "7",
        "subfields": [
          {
            "a": "Biographies."
          },
          {
            "2": "fast"
          },
          {
            "0": "(OCoLC)fst01919896"
          }
        ]
      }
    },
    {
      "655": {
        "ind1": "\\",
        "ind2": "7",
        "subfields": [
          {
            "a": "Biographies."
          },
          {
            "2": "lcgft"
          }
        ]
      }
    },
    {
      "776": {
        "ind1": "0",
        "ind2": "8",
        "subfields": [
          {
            "i": "Online version:"
          },
          {
            "a": "Link, Arthur Stanley."
          },
          {
            "t": "Wilson."
          },
          {
            "d": "Princeton, Princeton University Press, 1947-"
          },
          {
            "w": "(OCoLC)558581112"
          }
        ]
      }
    },
    {
      "776": {
        "ind1": "0",
        "ind2": "8",
        "subfields": [
          {
            "i": "Online version:"
          },
          {
            "a": "Link, Arthur Stanley."
          },
          {
            "t": "Wilson."
          },
          {
            "d": "Princeton, Princeton University Press, 1947-"
          },
          {
            "w": "(OCoLC)607846484"
          }
        ]
      }
    },
    {
      "856": {
        "ind1": "4",
        "ind2": "1",
        "subfields": [
          {
            "3": "ACLS Humanities E-Book"
          },
          {
            "u": "http://hdl.handle.net/2027/heb.01547"
          }
        ]
      }
    },
    {
      "856": {
        "ind1": "4",
        "ind2": "2",
        "subfields": [
          {
            "3": "French equivalent / E\u0301quivalent franc\u0327ais"
          },
          {
            "u": "https://bac-lac.on.worldcat.org/oclc/726186608"
          }
        ]
      }
    },
    {
      "994": {
        "ind1": "\\",
        "ind2": "\\",
        "subfields": [
          {
            "a": "Z0"
          },
          {
            "b": "NYRVC"
          }
        ]
      }
    },
    {
      "948": {
        "ind1": "\\",
        "ind2": "\\",
        "subfields": [
          {
            "h": "NO HOLDINGS IN NYRVC - 1688 OTHER HOLDINGS"
          }
        ]
      }
    },
    {
      "999": {
        "ind1": "\\",
        "ind2": "\\",
        "subfields": [
          {
            "a": "00000000014245"
          },
          {
            "v": "Volume 4"
          }
        ]
      }
    }
  ]
}